@Misc{CDC,
  author = {CDC},
  note = {Centers for disease control and prevention. 
  Accessed October 2018},
  year = 2016,
  urldate = {June 17, 2016},
  url = {https://www.cdc.gov/gis/what-is-gis.htm}
}

@Misc{GIS_cloud_mobile_data_collection,
  author = {GIS Cloud Inc.},
  title = {GIS Cloud Mobile Data Collection is a tool for web and mobile devices which allows you to collect data in real time, with custom designed forms, work in offline mode and more.},
  note={accessed October 2018},
  year = {2018},
  url = {https://itunes.apple.com/us/app/mobile-data-collection/id640535923?mt=8},
  urldate = {Jul 30, 2018}
}

@Misc{Spatial_Agent,
  author = {The World Bank Group},
  title = {A Spatial treat! A great way to get access to a growing world of free multi-sectoral public-domain data, analytical, and visualization services at your fingertips.},
  note={accessed October 2018},
  year = {2017},
  url = {https://itunes.apple.com/us/app/spatial-agent/id890565166?mt=8},
  urldate = {Dec 4, 2017}
}

@Misc{eBiz_solutions,
  author = {eBiz Solutions, LLC },
  title = {MOBILE APPS: PAST, PRESENT, AND FUTURE},
  note={accessed October 2018},
  year = {2018},
  url = {http://www.thinkebiz.net/mobile-apps-past-present-future/},
  urldate = {June 2018}
}


@Misc{theAPPsolutions,
  author = {Volodymyr Bilyk},
  title = {Why iOS apps are better than Android apps, and why we tend to review more iOS apps},
  note={accessed October 2018},
  year = {2018},
  url = {https://theappsolutions.com/blog/development/ios-vs-android/},
  urldate = {JUNE 30, 2018}
}



@Misc{theGISGeography,
  author = {Volodymyr Bilyk},
  title = {What is NDVI (Normalized Difference Vegetation Index)?},
  note={accessed October 2018},
  year = {2018},
  url = {https://gisgeography.com/ndvi-normalized-difference-vegetation-index/},
  urldate = {Feb 24, 2018}
}


@Misc{MODIS,
  author = {MODIS},
  title = {What is NDVI (Normalized Difference Vegetation Index)?},
  note={accessed October 2018},
  year = {2018},
  url = {https://modis.gsfc.nasa.gov/about/},
  urldate = {2003},
}

@Misc{NSIDC,
  author = {NSIDC},
  title = {Terra vs. Aqua},
  note={accessed September 2018},
  year = {2018},
  url = {https://nsidc.org/data/modis/terra_aqua_differences},
  urldate = {2004}
}

@Misc{GAM,
  author = {GAM},
  title = {Global Agriculture Monitoring - Website for visualization of NASA's NDVI Data},
  note={accessed October 2017},
  year = {2018},
  url = {https://glam1.gsfc.nasa.gov/},
  urldate = {2010}
}

@Misc{Xcode,
  author = {Apple Inc.},
  title = {Interface Builder Built-In Xcode},
  note={accessed December 2017},
  year = {2018},
  url = {https://developer.apple.com/xcode/interface-builder/},
  urldate = {2018}
}


@Misc{Storyboard,
  author = {Apple Inc.},
  title = {Cocoa Application Competencies for iOS},
  note={accessed December 2017},
  year = {2018},
  url = {https://developer.apple.com/library/archive/documentation/General/Conceptual/Devpedia-CocoaApp/Storyboard.html},
  urldate = {2018}
}

@Misc{GeoTIFF_Wikipedia,
  author = {Wikipedia},
  title = {GeoTIFF},
  note={accessed October 2018},
  year = {2018},
  url = {https://en.wikipedia.org/wiki/GeoTIFF},
  urldate = {18 June 2018}
}

@Misc{RESTful_web_services,
  author = {Wikipedia},
  title = {What Are RESTful Web Services?},
  note={accessed October 2018},
  year = {2018},
  url = {https://docs.oracle.com/javaee/6/tutorial/doc/gijqy.html},
  urldate = {2013}
}

@Misc{Alamofire,
  author = {Alamofire},
  title = {Elegant HTTP Networking in Swift},
  note={accessed October 2017},
  year = {2018},
  url = {https://github.com/Alamofire/Alamofire},
  urldate = {2013}
}

@Misc{WhirlyGlobe,
  author = {WhirlyGlobe},
  title = {Globe and map SDK for iOS},
  note={accessed January 2018},
  year = {2018},
  url = {http://mousebird.github.io/WhirlyGlobe/},
  urldate = {September 2018}
}

@Misc{Swift_CSV_Export,
  author = {SwiftCSVExport},
  title = {Framework to read and write CSV},
  note={accessed August 2018},
  year = {2018},
  url = {https://github.com/vigneshuvi/SwiftCSVExport},
  urldate = {March 2, 2018}
}

@Misc{MVC,
  author = {Mozilla},
  title = {The theory behind Model View Controller},
  note={accessed October 2018},
  year = {2018},
  url = {https://developer.mozilla.org/en-US/docs/Web/Apps/Fundamentals/Modern_web_app_architecture/MVC_architecture},
  urldate = {2018}
}

@Misc{MVC_Apple,
  author = {Apple Inc.},
  title = {Model-View-Controller},
  note={accessed October 2018},
  year = {2018},
  url = {https://developer.apple.com/library/archive/documentation/General/Conceptual/DevPedia-CocoaCore/MVC.html},
  urldate = {2018-04-06}
}

@Misc{MFMailComposer,
  author = {Apple Inc.},
  title = {MFMailComposeViewController},
  note={accessed October 2018},
  year = {2018},
  url = {https://developer.apple.com/documentation/messageui/mfmailcomposeviewcontroller},
  urldate = {2018-04-06}
}

@Misc{Mean_SD,
  title={Descriptive Statistics},
  author={Kyle Siegrist, Jason York},
  journal={This project is partially supported by the National Science Foundation, through the Course and Curriculum Development Program of the Division of Undergraduate Education in the Directorate for Education and Human Resources. The project is also partially supported by the University of Alabama in Huntsville},
  year={1997}
}

@Misc{SVD,
  author = {Wikipedia Inc.},
  title = {SVD},
  note={accessed November 2018},
  year = {2018},
  url = {https://en.wikipedia.org/wiki/Singular_value_decomposition},
  urldate = {9 November 2018}
}



@Misc{GSR_3,
  author = {Laura Jelfs, William Cartwright and Gita Pupedis},
  title = {Considering innovations in cartography and changes in
geographic representation methods},
  note={accessed November 2018},
  year = {2018},
  url = {http://ceur-ws.org/Vol-1307/paper14.pdf},
  urldate = {December 2014}
}