@Online{gis_world, 
  author={CDC},
  note = {National Center for Chronic Disease Prevention and Health Promotion, Division for Heart Disease and Stroke Prevention},
  year = {2016},
  url = {https://www.cdc.gov/gis/what-is-gis.htm},
  urldate = {24-10-2018}
}





